2600 4617
187 208 284 296 ,οεο
569 158 912 275 nannum-nr
952 236 955 243 ·

219 395 278 464 σης
291 367 349 464 ίῆς
361 373 487 454 πόλεως
501 371 598 442 astrol
611 398 645 443 τε
657 372 855 458 α’πόλωνται,
876 378 933 445 καί
948 382 985 446 αί
996 382 1152 467 γυναῖκές
1167 399 1267 471 σφισι

218 480 320 548 scobol
330 481 445 557 παῖδες
457 477 822 564 ἐξανάραποδισθιόσὼ,
840 478 978 549 λε’ίλοντό
1000 479 1161 559 ἀπελθεῖν
1180 484 1266 555 ὑπό·

221 584 382 663 σπονδοι,
414 579 471 649 καὶ
493 577 646 665 ἐνιαυτὸν
666 580 727 666 μὲν
745 579 887 667 μάλιστα
909 586 943 650 οί
962 583 1150 673 Μεσσήνιοι
1172 588 1265 656 κατέἡ

147 692 214 756 840
224 704 305 771 σχον
318 680 379 769 τὴν
393 676 503 762 πάλιν,
524 682 581 750 καί
595 681 752 768 ἐνέμοντο
767 682 829 771 τὴν
840 681 963 811 χάραν.
1006 692 1055 771 (2)
1080 694 1135 778 Tqi
1147 690 1186 761 ,δὲ
1202 691 1266 759 ἔτει

177 824 182 831 ,
216 812 264 875 τῳ
250 782 408 871 ὑστέρῳ
423 783 569 870 δύναμιν
584 788 617 852 οί
628 782 862 871 Ἀκαρνάνες’
840 788 907 856 and
922 796 1038 857 πασῶν
1053 758 1265 875 συλλέξαντες

173 912 175 915 ·
216 896 285 959 τῶν
301 888 440 969 πόλεων,
463 882 682 974 ἐβουλεύοντο
696 889 798 957 ἐπί
763 917 825 978 την
836 890 1044 989 Ναύπακτον
1057 896 1262 990 στρατεύειν.

216 994 387 1065 καὶτοῦτο
403 988 464 1077 μὲν
484 985 643 1071 άπίδοξεν
664 989 793 1074 αὐτοῖς,
821 990 886 1089 τήν
904 1019 939 1061 ιε
958 999 1098 1080 πορείαν
1120 997 1263 1083 ὁρῶσιν,

217 1086 269 1165 ὅτι
281 1096 413 1165 ἔσεσθαι
425 1087 473 1159 δι’
485 1094 644 1161 Αἰτωλῶν
659 1094 766 1180 ἔμελλε
777 1088 952 1183 πολεμίων
962 1101 1027 1166 αίεί
1039 1123 1117 1167 ποτε
1132 1098 1261 1170 ὄντων·

216 1199 320 1266 καί”
298 1224 366 1284 αμα
385 1191 465 1274 τούς
485 1198 725 1279 Ναυπακτίους
748 1202 926 1287 κεκτῆσθαί
942 1225 974 1268 τι
993 1201 1152 1270 ναυτικὸν
1169 1203 1262 1273 varoi-

216 1325 357 1382 πτευον,
379 1297 488 1387 ὥσπερ
509 1301 623 1387 γεκαὶ
640 1297 748 1387 εἶχον
781 1302 1048 1389 ἐπικρατούντων
1069 1305 1104 1374 δὲ
1121 1306 1261 1385 ἐκείνων

183 1464 185 1471 ,
215 1410 275 1491 τῆς
295 1401 490 1488 θαλάσσης,
525 1400 589 1471 οάκ
614 1403 738 1471 ἐνεῖναι
760 1405 1025 1492 κατεργάσασθαι
1049 1406 1132 1495 μέγα
1157 1408 1262 1478 οὐδὲν

217 1511 347 1594 στρατῷ
363 1528 403 1572 πε
405 1508 457 1592 ζῷ.
501 1503 753 1592 μετεβουλεάειο
771 1506 806 1575 33
822 1507 864 1596 δή
878 1526 987 1596 σφισι,
1008 1512 1065 1578 καί
1077 1509 1196 1580 αὐτίκα
1206 1513 1260 1581 ἐπί

51 1622 53 1637 '
126 1688 132 1701 x
216 1608 431 1694 Μεσσηνίους
450 1605 628 1693 τρέπονται
642 1634 725 1689 τους
738 1609 775 1678 ἐν
791 1609 970 1705 Οἰνιάδαις
1014 1614 1070 1680 καί
1085 1613 1171 1691 οί
1136 1640 1199 1701 μεν
1215 1616 1261 1696 άς

154 1752 158 1767 ι
216 1707 494 1796 πολιορκήσοντες
508 1710 807 1794 παρεσκευάζοντο·
832 1710 874 1781 mi
892 1706 957 1801 γάρ
974 1738 1053 1783 ποτε
1069 1713 1260 1805 ὑπελάμβα-

215 1838 280 1880 νον
300 1809 427 1896 άνδρας
450 1810 556 1893 οὕτως
576 1808 710 1899 ὀλίγους
730 1813 763 1895 ἐς
786 1821 953 1884 τοσουιον
975 1814 1138 1898 άπονοίας
1156 1812 1259 1907 ἥξειν,

217 1914 263 1994 είς
274 1914 480 2001 μαχεσασθαι
491 1937 576 2001 προς
596 1913 661 2003 τήν
680 1912 931 2007 Ἀκαρνάνυν“
910 1916 1069 1987 απάνιων
1088 1919 1258 2005 στρατιάν.

217 2042 250 2084 οι
241 2015 847 2107 ’δὲΜεσσήνιοιπρουτοιμασμὲνοι
812 2046 873 2107 μεν
886 2022 942 2090 κοιλ
954 2029 1047 2108 σῖτον
1058 2023 1114 2091 καί
1126 2049 1166 2091 τα
1155 2021 1259 2093 ἄλλα

214 2111 312 2206 ἦσαν,
327 2116 437 2189 ὁπόσα
453 2117 541 2199 είκὸς
552 2112 606 2208 ἦν,
616 2126 811 2208 πολιορκίας
822 2123 1039 2212 πειράσεσθαι
1051 2127 1260 2216 μακροτέρας

214 2344 240 2404 si
252 2364 309 2435 per
321 2343 385 2404 vim
397 2344 471 2405 urbs
486 2355 656 2426 caperetur,
677 2349 737 2430 ipsi
753 2349 973 2427 occiderentur,
989 2371 1100 2412 uxores
1114 2362 1145 2413 et
1166 2353 1258 2416 uben·

213 2452 269 2510 sub
287 2472 398 2512 corona
415 2452 592 2532 vaanirent,
612 2455 676 2514 icto
696 2452 819 2513 foedere
847 2453 953 2513 urbem
979 2456 1144 2536 reliquere:
1185 2479 1255 2537 qua,

213 2560 245 2613 ct
271 2574 342 2631 agro
369 2555 461 2616 simul
487 2566 570 2634 toto,
599 2557 750 2617 ¹Messenii
787 2576 898 2615 annum
929 2577 1024 2617 unum
1052 2559 1144 2639 potiti
1172 2571 1255 2624 sunt.

209 2653 257 2738 (2)
280 2659 423 2736 Sequenti
442 2658 552 2721 dehinc
575 2680 654 2720 anno
675 2658 845 2718 Acarnanes
867 2661 1031 2720 contractis
1053 2662 1192 2722 omnibus
1214 2686 1253 2724 ex

209 2762 338 2821 urbibus
362 2763 474 2844 copiis,
504 2763 544 2822 ad
567 2763 760 2843 Naupactum
789 2761 1023 2840 oppugnandam
1043 2764 1173 2843 primum
1196 2788 1255 2826 co-

163 2848 275 2945 stpiaa
289 2864 401 2926 ducere
415 2864 450 2923 in
466 2863 565 2924 animo
583 2859 764 2924 habuerunt
809 2862 921 2923 Verum
943 2864 976 2924 id
1002 2876 1107 2944 postea
1136 2869 1256 2928 consilii

178 2980 184 2991 ·
209 2966 426 3046 repudiarunt,
449 2965 532 3046 quod
546 2965 605 3026 iter
618 2966 676 3026 sibi
689 2965 860 3025 faciendum
879 2989 936 3047 per
954 2968 1077 3029 Aetolos
1098 2968 1253 3046 videbant,

211 3069 390 3149 quibuscum
409 3067 542 3127 assiduas
563 3069 744 3130 exercebant
762 3068 941 3129 inimicitias.
991 3073 1149 3131 Praeterea
1161 3072 1254 3131 Nau-

208 3172 328 3251 pactiis,
351 3172 385 3231 id
399 3170 482 3251 quod
494 3179 627 3247 reserat,
644 3172 677 3231 in
691 3181 814 3252 promtu
829 3173 953 3233 elacrem
970 3192 1034 3232 esse
1050 3172 1254 3253 suspicaban-

208 3284 278 3333 tur:
313 3273 504 3354 pedestribus
530 3293 604 3333 vero
633 3275 781 3335 duntaxat
811 3275 907 3355 copiis
935 3296 995 3335 non
1029 3276 1101 3335 satis
1130 3276 1198 3336 lore
1221 3296 1255 3338 ss

90 3447 96 3457 Ι
209 3385 339 3437 armatos
356 3377 501 3438 videbant
516 3386 622 3437 contra
638 3398 704 3453 eos,
737 3377 791 3456 qui
810 3377 971 3436 maritimas
994 3377 1084 3435 etiam
1106 3396 1181 3456 opes
1198 3376 1256 3436 ba-

208 3481 324 3541 berent.
373 3479 491 3540 Mutato
515 3483 619 3560 itaquo
644 3478 788 3555 consilio,
818 3498 935 3538 omnem
956 3478 1028 3538 belli
1050 3479 1199 3559 impeturn
1219 3479 1254 3539 in

208 3582 387 3658 Messenios,
410 3583 464 3662 qui
477 3583 512 3641 in
524 3582 667 3643 Oeniadis
683 3591 786 3655 erant,
808 3589 992 3643 convertere.
1034 3579 1081 3639 Ad
1104 3581 1254 3661 oppidum

208 3684 301 3761 igitur
327 3684 527 3745 obsidendum
557 3684 658 3745 omnis
684 3684 916 3763 comparebant,
946 3682 1030 3762 quod
1055 3682 1168 3743 adduci
1189 3704 1256 3744 non

208 3793 361 3863 poterent,
398 3796 513 3849 tantam
548 3780 683 3848 bostium
715 3786 897 3866 paucitatem
931 3796 1038 3846 contra
1082 3786 1254 3847 universam

208 3887 402 3949 Acarnanum
426 3900 543 3971 gentem
568 3908 665 3971 aequo
688 3888 783 3949 Marte
807 3889 997 3949 bellaturum.
1049 3890 1110 3968 lpsi
1130 3908 1256 3969 quoque

209 3988 364 4067 Messenii,
387 3994 444 4055 etsi
463 3994 629 4070 frumenta,
651 4001 683 4053 et
698 3990 766 4065 alia,
784 4011 861 4073 quae
876 3992 916 4053 sd
936 3994 1101 4071 longiorem
1117 3992 1259 4053 obsidio-
