2600 4617
1019 247 1039 289 V

100 392 144 462 De
154 389 220 464 hoc
235 392 421 466 volumine
436 391 597 468 seeundo
606 420 721 492 pauca
731 394 835 469 nobis
847 413 930 466 sunt
936 417 1039 490 prae·

50 495 132 570 sande.
175 494 215 566 In
233 492 445 592 Messenicis
460 495 761 582 Vindobonenses
775 496 873 571 Faeii
890 493 1038 569 codices

48 597 121 694 plane
131 596 235 671 e'lent.
287 597 384 674 Inde
403 627 424 673 e
438 598 566 700 quinto
581 598 675 675 libro
691 598 862 677 Clavierii
880 596 1038 672 editione

48 698 198 794 inanimae
216 727 297 775 mea
310 702 563 801 coneiunanda
582 703 635 777 uti
651 730 728 779 non
742 703 858 804 potui,
867 700 1037 803 quoniam
1148 759 1156 765 .

48 800 191 899 pmhare
211 803 283 878 iam
313 804 536 908 divulgatam
556 807 653 880 illius
673 805 808 907 reliqui
825 804 948 879 tomie
965 823 1037 878 ter·
1121 871 1126 882 .

47 905 86 997 tio,
102 904 156 1006 qui
178 905 298 981 Eliaca
313 910 491 994 continet,
516 908 735 1010 prodierunt
750 918 851 991 1820
871 928 907 981 et
926 916 1034 986 1821.
1170 965 1175 970 -

47 1006 123 1095 Quod
138 1009 195 1108 qui
213 1029 332 1096 tenet,
359 1011 493 1111 poterit
507 1012 555 1087 de
576 1011 813 1107 lectionibus,
839 1035 936 1112 quae
951 1011 1033 1088 cta·
1153 1057 1171 1064 a·

44 1108 114 1183 viarii
130 1109 274 1186 editioni
295 1134 335 1188 et
357 1140 462 1189 meae
484 1116 617 1189 minori
641 1114 727 1192 iude
747 1143 768 1188 a
788 1116 885 1189 libro
905 1113 1034 1214 quinto

43 1235 207 1288 communes
225 1237 325 1310 sunt,
351 1217 527 1292 iudicium
554 1219 662 1298 ferre.
714 1219 758 1293 In
774 1218 944 1293 Clavierii
960 1216 1035 1290 edi-

43 1315 120 1410 tione,
139 1345 242 1417 quam
256 1321 326 1421 qui
338 1348 440 1396 orsus
456 1342 535 1395 erat
548 1324 723 1398 adfinem
747 1320 929 1396 deducere
957 1346 1034 1394 non

42 1420 139 1516 potuit,
166 1445 283 1498 morte
315 1422 363 1499 ad
392 1424 518 1499 altiora
541 1422 790 1526 investiganda
813 1444 851 1498 et
875 1421 1048 1497 curanda·
1073 1518 1077 1525 Ι

40 1543 180 1617 avocatus,
195 1505 321 1601 inde'a
338 1527 466 1628 quinto
480 1525 575 1602 libro
587 1529 749 1631 Corayus
756 1547 963 1602 contextum
972 1523 1033 1602 hic

40 1622 351 1723 ilticconiecturam,
378 1658 487 1732 quam
510 1651 673 1730 ceperat,
700 1650 894 1730 sequutus,
919 1649 1034 1728 muta·

41 1727 77 1798 tit
91 1752 121 1804 t.
138 1731 398 1809 Observations
420 1732 467 1806 de
487 1732 539 1806 Μ.
554 1734 673 1836 Coray
697 1735 736 1807 in
751 1735 797 1811 T.
809 1733 864 1809 VI
879 1731 936 1808 ed.
952 1732 1033 1825 Cla·
1068 1811 1073 1824 ‚

40 1829 106 1922 ueni
120 1861 154 1934 p„
177 1835 225 1913 V.
250 1863 332 1937 sqq.
363 1834 438 1910 hoc
460 1856 578 1910 tamen
600 1837 711 1933 fecit,
750 1837 854 1912 utin
872 1836 1033 1936 margine

38 1935 154 2026 priorem
181 1938 386 2014 lectionem
419 1937 606 2017 indicaret.
672 1939 856 2042 Xylandri
884 1964 1032 2041 quoque

36 2032 114 2113 Notae
127 2039 167 2114 iu
181 2042 399 2126 Pausaniam
431 2040 601 2118 desinunt
626 2043 668 2118 in
684 2043 766 2117 libri
783 2042 901 2144 quinti
911 2041 1031 2134 initio,
1137 2057 1140 2060 ‘

37 2142 168 2218 referente
183 2142 396 2250 Sylburgio.
441 2145 555 2234 Quod
576 2168 697 2240 atatem
710 2147 834 2222 virum
849 2167 1032 2256 praestan·
1139 2233 1142 2240 ¹

35 2241 163 2322 ttumum
175 2247 348 2351 mihique
361 2276 500 2324 summo
524 2273 635 2349 opere
660 2249 881 2343 colendum,
911 2255 957 2325 G.
974 2255 1029 2325 H.

36 2351 255 2447 mserum,
283 2378 512 2454 rogaveram,
546 2371 587 2426 ut
620 2353 684 2428 ubi
710 2351 802 2454 quid
821 2352 1031 2428 addendum
1060 2411 1062 2418 a

35 2448 171 2527 iteretur
184 2457 280 2529 meis
294 2455 654 2553 adnotationibua,ne
670 2456 849 2532 dubitaret
858 2457 1029 2549 inserere,

35 2549 76 2628 hoe
90 2554 151 2630 iam
171 2559 259 2630 fieri
286 2581 457 2659 coeptum
482 2585 579 2651 esse,
612 2563 738 2636 omiaes
759 2587 903 2636 mecum
921 2561 1032 2633 laeta·

35 2651 136 2732 iratur.
157 2658 249 2737 vide
272 2691 307 2760 p.
336 2665 420 2745 198.
454 2660 532 2738 Ser.
548 2656 727 2739 Badieeae
751 2663 787 2738 d.
805 2662 934 2739 XVIII·
949 2661 1032 2736 Iulii
1124 2691 1128 2698 ·

35 2755 305 2845 tteccxxlll.
558 2759 563 2786 ⁸
1094 2763 1104 2782 '
