2600 4617
204 395 209 404 ,
321 320 398 382 sn
439 315 570 386 niv.
615 297 741 382 ose.
786 320 923 385 xxur
1084 277 1182 392 sur

98 502 137 644 ps,
156 501 190 643 t}
199 484 328 646 depuleris
344 495 404 562 uei
419 483 574 577 τράποιτο.
616 490 667 554 Ad
687 491 744 553 ists
771 491 804 569 lc
830 489 944 576 Σαρδώ
957 523 1001 543 -·
1020 489 1147 579 πρώτην

133 628 141 645 .
197 626 207 659 ,
278 585 339 655 ‚e
543 621 550 642 .
1146 595 1148 600 ‘

185 666 219 749 ς.
241 673 271 733 8.
312 658 371 728 Ἐν
383 656 520 754 rouodcp
529 660 664 726 breviter
674 682 747 744 pro:
768 656 876 752 Indsp
892 660 1148 754 blidouladcprm

82 753 135 819 *lo
158 746 270 818 sueonie
294 759 360 827 ‚ut
380 747 418 826 t.
440 757 471 818 2
514 744 599 834 παρὰ
619 743 932 830 colemannum.
975 747 1054 835 πρὸς
1072 751 1146 828 τούξ·

99 839 244 938 Mecmpe.
265 774 353 914 Ing.
384 835 424 896 cf.
445 835 486 898 ad
506 841 569 912 22,
602 832 718 902 eada.
764 826 946 914 ἐπέστελλον
967 835 1071 918 uosq.
1110 840 1147 900 ln

99 918 263 986 Anamloi
284 930 399 994 aetate,
435 941 513 1013 quoe
533 920 572 981 ad
591 920 706 982 seriora
723 921 866 1004 temporn'
882 921 1077 1004 deprimendo
1097 924 1165 1001 sit,⁴

101 1009 279 1071 Pausaniam
298 1006 460 1084 erravisse,
481 1005 570 1067 multi
584 1004 806 1066 contenderunt
829 1003 929 1089 (etiarn
946 1007 1101 1070 lscobsius
1115 1012 1148 1070 iu

100 1090 261 1156 Amalthea
276 1092 301 1168 1,
323 1090 410 1175 199),
431 1090 514 1153 etde
528 1091 589 1154 hoc
605 1089 670 1172 ejus
682 1091 751 1152 loco
764 1091 916 1173 copiosius
931 1091 1148 1166 disseruerunt.

76 1193 81 1200 “
100 1201 133 1241 v.
146 1177 399 1258 BentlejiOpuso.
417 1176 492 1258 phil.
506 1197 539 1258 p.
555 1183 618 1245 288
636 1197 703 1258 sqq.
721 1176 769 1240 ed.
784 1177 865 1258 Lips.
882 1178 1056 1260 spanhemii
1070 1180 1146 1261 Dies.
1237 1189 1240 1194 ’

101 1262 175 1348 vul
187 1263 325 1332 dullum.
345 1264 458 1325 Praese
477 1283 508 1345 p.
526 1265 591 1330 664
613 1257 679 1345 (qui
691 1262 848 1326 Ansmlam
864 1259 913 1324 01.
929 1265 1053 1346 Lxxvt
1064 1285 1150 1327 mor-

6 1407 11 1422 ,
102 1357 192 1411 tarsun
206 1346 303 1431 dicit),
319 1348 424 1410 ldnnso
436 1349 470 1408 in
484 1351 592 1431 Sparta
604 1341 633 1424 13
656 1354 677 1414 8
689 1368 721 1428 p.
735 1354 808 1417 288.
837 1350 910 1410 Post
921 1349 1077 1428 Freretum
1090 1352 1151 1412 dn-

103 1437 139 1498 os
156 1431 251 1495 luisse
265 1433 426 1495 Anaxilaus
445 1443 618 1495 statuerumt
633 1431 861 1512 Goldhagenm,
883 1433 1009 1513 Fusius,
1031 1438 1151 1514 clavier

103 1523 137 1583 in
152 1519 231 1592 Eut.
241 1517 298 1584 dea
312 1541 407 1602 prem.
424 1529 522 1601 temps
544 1519 584 1579 de
597 1519 628 1580 la
643 1518 742 1580 Grbce
755 1520 785 1580 Il
797 1540 829 1600 p.
844 1523 908 1589 268
922 1542 969 1601 sq.
977 1511 1018 1604 'et
1034 1524 1151 1604 Caspa-

103 1607 143 1672 'ro
157 1603 287 1670 ederim
300 1606 332 1666 in
343 1605 432 1685 Saggi
444 1606 476 1666 di
487 1603 702 1672 Dissertazioui
715 1604 788 1666 dell’
798 1605 960 1668 Academia
971 1597 1100 1671 Etrusca
1113 1610 1150 1669 di

104 1694 237 1754 cortona
252 1692 314 1755 rol
327 1690 380 1752 DL
393 1681 826 1776 τέταρτος-Ἀλκιδαμίδου.
870 1691 973 1766 Quum
983 1713 1045 1755 non
1058 1713 1150 1772 gene-
1192 1705 1195 1712 '

102 1779 239 1840 rationes
252 1778 307 1839 sed
320 1776 457 1838 homines
475 1785 604 1857 quatuor
619 1774 839 1854 significentur,
868 1788 899 1839 et
916 1798 1020 1839 eorum
1033 1779 1151 1862 primus

103 1865 147 1927 sit
160 1862 380 1938 Aloidamidss,
402 1861 542 1940 efficitur,
563 1871 601 1922 ut
613 1860 693 1922 inter
706 1859 863 1922 Anaxilm
886 1872 916 1923 et
931 1863 1150 1944 Alcidsmidam

74 1977 81 1990 =
103 1947 169 2012 duo
182 1958 299 2009 tantm
319 1949 431 2010 luerInt
449 1946 638 2030 interpositi,
673 1956 705 2009 et
723 1947 865 2008 Anaxilso
883 1948 1090 2010 Alcidsmidse
1111 1950 1151 2010 sit
1173 1993 1177 1998 -

103 2055 268 2119 pronepos.
288 2034 327 2097 of.
343 2033 381 2093 ad
397 2030 482 2109 VIII,
503 2039 564 2110 22,
587 2031 689 2099 tadu
735 2038 899 2115 Zoeyxlutos
912 2036 1002 2095 etiam
1016 2037 1098 2095 Clau.
1114 2045 1152 2098 ut

72 2181 77 2186 ,
104 2120 301 2203 Sylburgius,
325 2117 500 2202 Holstenius
510 2119 559 2184 ,ad
572 2117 759 2199 Stephanum
771 2119 844 2198 Byr.
866 2140 904 2179 ac
916 2120 1024 2200 Pacius
1038 2123 1152 2200 (volus.

105 2213 186 2268 rant.
210 2197 357 2292 dexlsoo
371 2201 458 2283 Vulg.
488 2203 817 2290 uvyuurspyouapluose
834 2204 917 2283 sylb.
932 2216 963 2267 et
979 2206 1063 2266 Clau.
1077 2227 1153 2268 con·

102 2288 259 2374 jecerunt3
280 2289 366 2352 bene.
412 2283 553 2374 Ζάγκλην
572 2288 605 2353 δὲ
620 2284 654 2352 τὸ
678 2314 707 2353 n.
725 2293 750 2352 λ.
794 2285 931 2352 Zanclen
956 2288 1151 2372 Thboydides'

107 2376 231 2460 quidem
244 2373 339 2440 tradit
353 2374 404 2450 vl,
427 2379 448 2440 4
462 2374 607 2458 spinido
626 2395 643 2433 a
657 2369 836 2452 latronibus,
858 2357 942 2456 duis
961 2377 1073 2455 Germia,
1096 2398 1152 2438 ur-

105 2458 150 2526 be
162 2459 333 2524 Chalcidica
347 2459 379 2521 in
396 2480 468 2540 agro
483 2460 582 2542 Opino
597 2460 664 2536 sito,
679 2463 828 2537 venerint,
843 2461 1006 2540 conditam,
1022 2474 1053 2523 et
1063 2473 1153 2543 post-

107 2567 145 2609 eo
161 2569 180 2608 s
194 2545 402 2622 multitudine,
427 2565 503 2626 quae
519 2565 536 2605 e
551 2537 693 2606 Chalcide
708 2555 739 2606 et
754 2547 873 2627 reliquo
885 2546 1007 2608 Euboea
1023 2549 1152 2609 affluxe-

106 2630 166 2710 rit,
189 2633 409 2714 Iraqucutatam
422 2650 502 2709 esse;
525 2631 698 2694 conditores
716 2631 810 2693 fuisse
824 2630 974 2712 Perierem
987 2641 1018 2712 et
1029 2634 1153 2693 &atae

107 2738 243 2793 monem,
272 2718 401 2778 alterum
423 2736 441 2777 e
464 2717 581 2796 Cunus,
616 2714 747 2778 alterum
772 2738 790 2778 e
811 2713 955 2777 Chalcide
979 2718 1152 2781 oriundum.

106 2801 173 2865 Hos
190 2799 299 2863 deinde
312 2824 331 2862 a
347 2801 452 2863 Samiis
470 2799 594 2884 aliisque
610 2801 751 2880 Ionibus,
779 2802 831 2883 qui
842 2791 1002 2863 Medorum
1013 2795 1154 2883 tyranni-

108 2889 180 2950 dem
199 2889 345 2967 fugientes
366 2888 406 2949 nd
422 2887 555 2947 Siciliam
577 2887 764 2969 appulerint,
786 2908 850 2949 esse
873 2887 1001 2968 ejectos3
1030 2908 1088 2949 nec
1111 2890 1157 2949 ita

107 2975 208 3035 multo
223 2983 294 3053 post
312 2971 489 3047 Anaxilam,
511 2973 617 3032 Samiis
639 2972 757 3054 ejectis,
778 2973 886 3034 urbem
898 2973 938 3034 de
954 2995 1010 3034 sua
1029 2975 1156 3053 antiqua

107 3058 208 3140 patris
219 3059 374 3120 Messenen
390 3059 569 3141 appellasse.
612 3057 766 3120 Diodorus
780 3059 839 3119 Sic.
851 3068 951 3118 autem
963 3059 1024 3135 IV,
1046 3063 1088 3128 85
1102 3079 1155 3119 re-

108 3146 187 3219 fert,
209 3144 340 3206 Zanclen
355 3145 396 3206 ab·
409 3145 532 3224 antiquo
543 3162 614 3222 rege
628 3144 741 3204 Zanolo
752 3146 935 3205 nominatam
948 3164 1011 3205 esse
1019 3189 1029 3222 ‚
1051 3154 1082 3205 et
1093 3144 1157 3222 He-

109 3230 248 3305 niodum,
288 3229 452 3312 aliquando
479 3229 611 3315 Siciliam
630 3250 650 3289 a
678 3230 849 3294 continente
872 3228 1053 3311 disjunctam
1080 3250 1156 3306 esse,

110 3313 299 3395 ignorantem
320 3317 480 3391 cecinisse,
511 3315 654 3376 Orionem
673 3313 913 3395 promontorium
929 3315 1080 3376 Pelorium
1101 3334 1157 3393 ng-

109 3420 218 3479 gerum
233 3400 363 3462 molibus
381 3402 539 3474 eduxisse,
560 3420 656 3480 quum
671 3410 758 3461 antea
772 3421 854 3461 mare
867 3399 912 3483 ibi
929 3399 1021 3459 latius
1038 3400 1157 3479 potuis-

110 3495 169 3548 set.
213 3486 368 3547 Seniorem
381 3485 509 3546 neminie
528 3483 637 3546 Zancle
655 3483 937 3562 notationem-apud
948 3480 1157 3563 Thucydidem

110 3571 170 3645 vl,
197 3570 378 3651 dreperiri,
405 3570 469 3652 jam
489 3569 703 3649 Wesselingius
721 3568 941 3632 animadvertit.
984 3568 1157 3630 Articulum

111 3664 182 3716 oute
201 3645 395 3738 umodpopdc
414 3657 510 3736 Mosq.
533 3656 641 3716 omisit.
662 3687 663 3690 ¹
685 3655 855 3716 Verborum
873 3654 925 3717 καὶ
945 3651 978 3715 ἐν
999 3649 1099 3740 ἐρήμῳ
1114 3687 1153 3699 -·-

109 3735 240 3822 hunino
254 3742 352 3802 versio
367 3751 412 3801 est
429 3741 589 3820 Sylburgii.
632 3740 692 3799 Pro
708 3735 999 3820 Zdusocroluerunt
1017 3744 1156 3818 Κυμαῖος

111 3835 242 3907 propter
256 3823 277 3886 l.
293 3826 313 3884 l.
327 3824 515 3906 Thucydidis
530 3823 621 3886 scribi
642 3835 673 3886 et
687 3825 849 3888 palmerius
867 3825 898 3883 in
911 3826 1017 3883 Exere.
1040 3833 1071 3885 et
1088 3824 1159 3882 ela-

111 3911 180 3974 vier
194 3920 225 3971 et
239 3911 338 3971 Raoul
352 3909 497 3976 Rechette
512 3916 543 3972 in
563 3908 640 3972 Ilist
664 3910 701 3971 de
718 3910 830 3970 l’etabl.
852 3909 904 3969 des
927 3909 1024 3969 colon.
1051 3929 1094 3987 gr.
1120 3909 1158 3968 T.

112 3993 157 4054 III
172 4016 202 4075 p·
219 4001 292 4064 283.
336 3995 401 4058 Hoc
414 3998 538 4077 gentile,
567 3996 605 4059 de
621 3996 723 4060 Cumis
737 3993 840 4057 ltnline
853 3993 965 4054 lectum
974 4016 992 4068 ,¹
1006 4003 1052 4053 est
1065 3997 1157 4054 etism

112 4081 198 4163 opud
211 4079 300 4144 Paus-
320 4079 389 4146 VIII
394 4126 407 4162 ,
437 4088 497 4160 24,
526 4087 565 4164 2,
589 4101 762 4166 quanquam
781 4077 952 4164 Stephanus
972 4079 1045 4161 Byr.
1069 4079 1157 4142 aliter
